<?xml version="1.0" encoding="UTF-8"?><collection xmlns="http://www.loc.gov/MARC21/slim"><record><leader>00420nam--2200145-i-4500</leader><controlfield tag="001">000017703</controlfield><controlfield tag="002">20161230</controlfield><controlfield tag="005">20161230201032</controlfield><controlfield tag="008">060222s1000------------r-----000-0-eng-d</controlfield><datafield ind1=" " ind2=" " tag="080"><subfield code="a">621.35:541.13</subfield></datafield><datafield ind1=" " ind2=" " tag="245"><subfield code="a">Electrochemical engineering</subfield></datafield><datafield ind1=" " ind2=" " tag="260"><subfield code="a">New York, Wiley-interscience, 1971. Xi+406 P</subfield></datafield><datafield ind1=" " ind2=" " tag="490"><subfield code="a">Advances In Electrochemistry And Electro- Chemical Engineering:</subfield></datafield><datafield ind1=" " ind2=" " tag="700"><subfield code="a">Tobias, Charles W</subfield></datafield><datafield ind1=" " ind2=" " tag="852"><subfield code="a">17147</subfield></datafield></record></collection>